@book{wtf,
annote = {SIGNATUR = 2008-26734},
author = {Zobel, Justin},
edition = {Second},
keywords = {LEHRBUECHER engl,research methodology,writing},
mendeley-tags = {research methodology,writing},
publisher = {Springer-Verlag},
title = {{Writing for computer science}},
year = {2004}
}

@book{Zobel04a,
annote = {SIGNATUR = 2008-26734},
author = {Zobel, Justin},
edition = {Second},
keywords = {LEHRBUECHER engl,research methodology,writing},
mendeley-tags = {research methodology,writing},
publisher = {Springer-Verlag},
title = {{Writing for computer science}},
year = {2004}
}


